@INPROCEEDINGS{10101249,
  author={Sahoo, Ajit Kumar and Kompally, Vaishnavi and Udgata, Siba K},
  booktitle={2023 IEEE Applied Sensing Conference (APSCON)}, 
  title={Wi-Fi Sensing based Real-Time Activity Detection in Smart Home Environment}, 
  year={2023},
  volume={},
  number={},
  pages={1-3}}
